@manual{guia:2013,
  title = {Guia Docente de la Asignatura: Tecnicas Experimentales.}
}

@Book{spivak:2006,
  title={Calculo Infinitesimal},
  author={Spivak,~M.},
  year={2006},
  publisher={Ed.~Reverte}
}

@manual{demostracion:2008,
  title = {\em Demostracion del metodo de biseccion},
}


@manual{python:2014,
  title = {Python para todos},
  author={Raul Gonzalez Duque}
}

@manual{beamer:0326,
   title = {The Beamer Class},
   edition= {User Guide for version 3.26.}
}
